@book{Box1986,
  author = {Box, George E P and Draper, Norman R},
  title = {Empirical Model-building and Response Surface},
  year = {1986},
  isbn = {0-471-81033-9},
  publisher = {John Wiley \& Sons, Inc.},
  address = {New York, NY, USA},
} 
@article{ASA,
  author = {Ronald L. Wasserstein and Nicole A. Lazar},
  title = {The {ASA}'s Statement on p-Values: Context, Process, and Purpose},
  journal = {The American Statistician},
  volume = {70},
  number = {2},
  pages = {129-133},
  year  = {2016},
  publisher = {Taylor & Francis},
  doi = {10.1080/00031305.2016.1154108},
  URL = {https://doi.org/10.1080/00031305.2016.1154108},
  eprint = {https://doi.org/10.1080/00031305.2016.1154108}
}
@Manual{NBR1465302,
	Address = {Rio de Janeiro},
	Author = {ABNT},
	Month = {fev.},
	Org-Short = {ABNT},
	Organization = {Associação Brasileira de Normas Técnicas},
	Pages = {4},
	Subtitle = {Avaliação de Bens -- Parte 2: Imóveis Urbanos},
	Title = {{NBR} 14653-2},
	Year = {2011}
}
@Inproceedings{droubi2019,
 author = {Luiz Fernando Palin Droubi and Carlos Augusto Zilli and Willian Zonato and Norberto Hochheim},
 title = {Crítica à Avaliação Intervalar na {NBR} 14.653-02},
 Address = {Florianópolis},
 crossref = {cobreap2019},
 Publisher = {COBREAP},
 Year = {2019}
}
@proceedings{cobreap2019,
  title = {XX {C}ongresso {B}rasileiro de {A}valiações e {P}erícias},
  shorttitle = {VIII COBREAP},
  eventdate = {2019},
  venue = {Salvador, BA},
  date = {2019}
}
@Inproceedings{zonato2018,
 author = {Willian Zonato and Luiz Fernando Palin Droubi and Norberto Hochheim},
 title = {Pressupostos clássicos dos modelos de regressão linear e suas implica
ções sobre as avaliações em massa},
 Address = {Florianópolis},
 crossref = {cobrac2018},
 Publisher = {COBRAC},
 Year = {2018}
}
@proceedings{cobrac2018,
  title = {13º {C}ongresso {B}rasileiro de {C}adastro {T}écnico 
  {M}ultifinalitário e {G}estão {T}erritorial},
  shorttitle = {XIII COBRAC},
  eventdate = {2018},
  venue = {Florianópolis, SC},
  date = {2018}
}
@book{matloff2017,
  author = {Norman Matloff},
  address = {Boca Raton, Florida},
  title = {Statistical Regression and Classification},
  subtitle = {From Linear Models to Machine Learning},
  publisher = {Chapman & Hall},
  year = {2017}
}
@article{horowitz,
author = {Horowitz, Joel L.},
title = {The role of the list price in housing markets: Theory and an econometric model},
journal = {Journal of Applied Econometrics},
volume = {7},
number = {2},
pages = {115-129},
doi = {10.1002/jae.3950070202},
url = {https://onlinelibrary.wiley.com/doi/abs/10.1002/jae.3950070202},
eprint = {https://onlinelibrary.wiley.com/doi/pdf/10.1002/jae.3950070202},
abstract = {Abstract Houses are routinely sold at prices below, but rarely sold at prices above, their list prices. List prices appear to be price ceilings that preclude the possibility of sales at higher prices. This paper presents a theory of sellers' behaviour that explains why there are list prices in housing markets and why list prices are distinct from sellers' reservation prices. The theory forms the basis of an econometric model that has been estimated using data from the Baltimore, MD, area. The estimated model predicts sale and reservation prices conditional on list prices. The predictions of sale prices are considerably more accurate than those obtained from a standard hedonic price regression. The estimated model also explains why sellers may not be willing to reduce their list prices even after their houses have remained unsold for long periods of time.},
year = {1992}
}
