@misc{ghojogh2019theory,
  title={The Theory Behind Overfitting, Cross Validation, Regularization, Bagging, and Boosting: Tutorial}, 
  author={Benyamin Ghojogh and Mark Crowley},
  year={2019},
  eprint={1905.12787},
  archivePrefix={arXiv},
  primaryClass={stat.ML}
}
@misc{odriscoll2019physics,
  title={Physics Enhanced Artificial Intelligence}, 
  author={Patrick O'Driscoll and Jaehoon Lee and Bo Fu},
  year={2019},
  eprint={1903.04442},
  archivePrefix={arXiv},
  primaryClass={cs.AI}
}
@Manual{NBR1465302,
	Address = {Rio de Janeiro},
	Author = {ABNT},
	Month = {fev.},
	Org-Short = {ABNT},
	Organization = {Associação Brasileira de Normas Técnicas},
	Pages = {4},
	Subtitle = {Avaliação de Bens -- Parte 2: Imóveis Urbanos},
	Title = {{NBR} 14653-2},
	Year = {2011}
}
@Manual{NBR1465301,
	Address = {Rio de Janeiro},
	Author = {ABNT},
	Month = {27 jun.},
	Org-Short = {ABNT},
	Organization = {Associação Brasileira de Normas Técnicas},
	Pages = {19},
	Subtitle = {Avaliação de Bens -- Parte 1: Procedimentos Gerais},
	Title = {{NBR} 14653-1},
	Year = {2019}
}
@book{matloff2017,
  author = {Norman Matloff},
  address = {Boca Raton, Florida},
  title = {Statistical Regression and Classification},
  subtitle = {From Linear Models to Machine Learning},
  publisher = {Chapman \& Hall},
  year = {2017}
}
@book{galton,
  title = {Natural Inheritence},
  author = {Galton, F.},
  year = {1889},
  publisher = {MacMillan},
  address = {London}
}
@article{koenker2000,
	title = "Galton, Edgeworth, Frisch, and prospects for quantile regression in econometrics",
	journal = "Journal of Econometrics",
	volume = "95",
	number = "2",
	pages = "347 - 374",
	year = "2000",
	issn = "0304-4076",
	doi = "https://doi.org/10.1016/S0304-4076(99)00043-3",
	url = "http://www.sciencedirect.com/science/article/pii/S0304407699000433",
	author = "Roger W Koenker",
	keywords = "Least absolute error regression, Quantile regression, Regression depth, Interior point methods, Linear programming"
}
